@inproceedings{roller2012supervised,
  title={Supervised text-based geolocation using language models on an adaptive grid},
  author={Roller, Stephen and Speriosu, Michael and Rallapalli, Sarat and Wing, Benjamin and Baldridge, Jason},
  booktitle={Proceedings of the 2012 Joint Conference on Empirical Methods in Natural Language Processing and Computational Natural Language Learning},
  pages={1500--1510},
  year={2012},
  organization={Association for Computational Linguistics}
}

@article{bentley1975multidimensional,
  title={Multidimensional binary search trees used for associative searching},
  author={Bentley, Jon Louis},
  journal={Communications of the ACM},
  volume={18},
  number={9},
  pages={509--517},
  year={1975},
  publisher={ACM}
}

@inproceedings{cheng2010you,
  title={You are where you tweet: a content-based approach to geo-locating twitter users},
  author={Cheng, Zhiyuan and Caverlee, James and Lee, Kyumin},
  booktitle={Proceedings of the 19th ACM international conference on Information and knowledge management},
  pages={759--768},
  year={2010},
  organization={ACM}
}

@inproceedings{hiruta2012detection,
  title={Detection, classification and visualization of place-triggered geotagged tweets},
  author={Hiruta, Shinya and Yonezawa, Takuro and Jurmu, Marko and Tokuda, Hideyuki},
  booktitle={Proceedings of the 2012 ACM Conference on Ubiquitous Computing},
  pages={956--963},
  year={2012},
  organization={ACM}
}

@inproceedings{kinsella2011m,
  title={I'm eating a sandwich in Glasgow: modeling locations with tweets},
  author={Kinsella, Sheila and Murdock, Vanessa and O'Hare, Neil},
  booktitle={Proceedings of the 3rd international workshop on Search and mining user-generated contents},
  pages={61--68},
  year={2011},
  organization={ACM}
}

@inproceedings{nakaji2012visualization,
  title={Visualization of real-world events with geotagged tweet photos},
  author={Nakaji, Yusuke and Yanai, Keiji},
  booktitle={Multimedia and Expo Workshops (ICMEW), 2012 IEEE International Conference on},
  pages={272--277},
  year={2012},
  organization={IEEE}
}

@inproceedings{paradesi2011geotagging,
  title={Geotagging Tweets Using Their Content.},
  author={Paradesi, Sharon Myrtle},
  booktitle={FLAIRS Conference},
  year={2011}
}

@inproceedings{ponte1998language,
  title={A language modeling approach to information retrieval},
  author={Ponte, Jay M and Croft, W Bruce},
  booktitle={Proceedings of the 21st annual international ACM SIGIR conference on Research and development in information retrieval},
  pages={275--281},
  year={1998},
  organization={ACM}
}

@inproceedings{yanai2012world,
  title={World seer: a realtime geo-tweet photo mapping system},
  author={Yanai, Keiji},
  booktitle={Proceedings of the 2nd ACM International Conference on Multimedia Retrieval},
  pages={65},
  year={2012},
  organization={ACM}
}

@misc{twitterabout,
author = {},
title = {About Twitter, Inc. | About},
howpublished = {\url{https://about.twitter.com/company}},
note = {(Visited on 03/20/2014)}
}

@misc{facebookabout,
author = {},
title = {Company Info | Facebook Newsroom},
howpublished = {\url{https://newsroom.fb.com/company-info/}},
note = {(Visited on 03/20/2014)}
}
@misc{businessinsider,
author = {},
title = {Smartphone And Tablet Penetration - Business Insider},
howpublished = {\url{http://www.businessinsider.com/smartphone-and-tablet-penetration-2013-10}},
note = {(Visited on 03/20/2014)}
}